@article{bhattacharya2004poverty,
  title={Poverty, food insecurity, and nutritional outcomes in children and adults},
  author={Bhattacharya, Jayanta and Currie, Janet and Haider, Steven},
  journal={Journal of health economics},
  volume={23},
  number={4},
  pages={839--862},
  year={2004},
  DOI={https://doi.org/10.1016/j.jhealeco.2003.12.008}
}

@article{bazerghi2016role,
   author = {Bazerghi, Chantelle and McKay, Fiona H and Dunn, Matthew},
   title = {The role of food banks in addressing food insecurity: a systematic review},
   journal = {Journal of community health},
   volume = {41},
   number = {4},
   pages = {732-740},
   ISSN = {1573-3610},
   year = {2016},
   type = {Journal Article}
}

@article{black2020examining,
   author = {Black, Jennifer L and Seto, Darlene},
   title = {Examining patterns of food bank use over twenty-five years in Vancouver, Canada},
   journal = {VOLUNTAS: International Journal of Voluntary and Nonprofit Organizations},
   volume = {31},
   pages = {853–869},
   ISSN = {1573-7888},
   DOI = {https://doi.org/10.1007/s11266-018-0039-2},
   year = {2020},
   type = {Journal Article}
}

@article{boucher2017ontario,
   author = {Boucher, Beatrice A. and Manafò, Elizabeth and Boddy, Meaghan R. and Roblin, Lynn and Truscott, Rebecca},
   title = {The Ontario Food and Nutrition Strategy: identifying indicators of food access and food literacy for early monitoring of the food environment},
   journal = {Health promotion and chronic disease prevention in Canada : research, policy and practice},
   volume = {37},
   number = {9},
   pages = {313-319},
   ISSN = {2368-738X},
   DOI = {10.24095/hpcdp.37.9.06},
   url = {https://pubmed.ncbi.nlm.nih.gov/28902480
https://www.ncbi.nlm.nih.gov/pmc/articles/PMC5650040/},
   year = {2017},
   type = {Journal Article}
}

@article{brunsdon2020opening,
  title={Opening practice: supporting reproducibility and critical spatial data science},
  author={Brunsdon, Chris and Comber, Alexis},
  journal={Journal of Geographical Systems},
  DOI = {10.1007/s10109-020-00334-2},
  url = {https://doi.org/10.1007/s10109-020-00334-2},
  pages={1--20},
  year={2020},
  publisher={Springer}
}

@article{deweese2020tale,
	journal={Findings},
	doi={10.32866/001c.13395},
	publisher={Network Design Lab},
	title={A Tale of 40 Cities:  A Preliminary Analysis of Equity Impacts of COVID-19 Service Adjustments across North America},
	author={DeWeese, James and Hawa, Leila and Demyk, Hanna and Davey, Zane and Belikow, Anastasia and El-geneidy, Ahmed},
	date={2020-06-25},
	year=2020,
	month=6,
	day=25,
}

@article{elgar2021relative,
  title={Relative food insecurity, mental health and wellbeing in 160 countries},
  author={Elgar, Frank J and Pickett, William and Pf{\"o}rtner, Timo-Kolja and Gari{\'e}py, Genevi{\`e}ve and Gordon, David and Georgiades, Kathy and Davison, Colleen and Hammami, Nour and MacNeil, Allison H and Da Silva, Marine Azevedo and others},
  journal={Social Science \& Medicine},
  volume={268},
  pages={113556},
  year={2021},
  DOI={https://doi.org/10.1016/j.socscimed.2020.113556}
}

@article{enns2020experiences,
  title={Experiences of Food Bank Access and Food Insecurity in Ottawa, Canada},
  author={Enns, Aganeta and Rizvi, Anita and Quinn, St{\'e}phanie and Kristjansson, Elizabeth},
  journal={Journal of Hunger \& Environmental Nutrition},
  volume={15},
  number={4},
  pages={456--472},
  year={2020},
  DOI={https://doi.org/10.1080/19320248.2020.1761502}
}

@article{holmes2018nothing,
  title={“Nothing is going to change three months from now”: A mixed methods characterization of food bank use in Greater Vancouver},
  author={Holmes, Eleanor and Black, Jennifer L and Heckelman, Amber and Lear, Scott A and Seto, Darlene and Fowokan, Adeleke and Wittman, Hannah},
  journal={Social Science \& Medicine},
  volume={200},
  pages={129-136},
  year={2018},
  DOI={https://doi.org/10.1016/j.socscimed.2018.01.029}
}

@article{jones2017food,
  title={Food insecurity and mental health status: a global analysis of 149 countries},
  author={Jones, Andrew D},
  journal={American journal of preventive medicine},
  volume={53},
  number={2},
  pages={264--273},
  year={2017},
  DOI={https://doi.org/10.1016/j.amepre.2017.04.008}
}

@article{kirkpatrick2008food,
  title={Food insecurity is associated with nutrient inadequacies among Canadian adults and adolescents},
  author={Kirkpatrick, Sharon I and Tarasuk, Valerie},
  journal={The Journal of nutrition},
  volume={138},
  number={3},
  pages={604--612},
  year={2008},
  DOI={https://doi.org/10.1093/jn/138.7.1399}
}

@article{laborde2020poverty,
   author = {Laborde, David and Martin, William and Vos, Rob},
   title = {Poverty and food insecurity could grow dramatically as COVID-19 spreads},
   journal = {International Food Policy Research Institute (IFPRI), Washington, DC},
   year = {2020},
   type = {Journal Article}
}

@article{lovelace2021open,
   author = {Lovelace, Robin},
   title = {Open source tools for geographic analysis in transport planning},
   journal = {Journal of Geographical Systems},
   ISSN = {1435-5949},
   DOI = {10.1007/s10109-020-00342-2},
   url = {https://doi.org/10.1007/s10109-020-00342-2},
   year = {2021},
   type = {Journal Article}
}

@article{mckay2021exploring,
   author = {McKay, Fiona H. and Bastian, Amber and Lindberg, Rebecca},
   title = {Exploring The Response Of The Victorian Emergency And Community Food Sector To The COVID-19 Pandemic},
   journal = {Journal of Hunger & Environmental Nutrition},
   pages = {1-15},
   ISSN = {1932-0248},
   DOI = {10.1080/19320248.2021.1900974},
   url = {https://doi.org/10.1080/19320248.2021.1900974},
   year = {2021},
   type = {Journal Article}
}

@article{men2021food,
   author = {Men, Fei and Tarasuk, Valarie},
   title = {Food insecurity amid the COVID-19 pandemic: food charity, government assistance and employment},
   journal = {Canadian Public Policy},
   volume = {COVID-19},
   pages = {e2021001},
   DOI = {10.3138/cpp.2021-001},
   url = {https://www.utpjournals.press/doi/abs/10.3138/cpp.2021-001},
   year = {2021},
   type = {Journal Article}
}

@article{niles2020early,
  title={The early food insecurity impacts of COVID-19},
  author={Niles, Meredith T and Bertmann, Farryl and Belarmino, Emily H and Wentworth, Thomas and Biehl, Erin and Neff, Roni},
  journal={Nutrients},
  volume={12},
  number={7},
  pages={2096},
  year={2020},
  publisher={Multidisciplinary Digital Publishing Institute}
}

@article{olson1999nutrition,
  title={Nutrition and health outcomes associated with food insecurity and hunger},
  author={Olson, Christine M},
  journal={The Journal of nutrition},
  volume={129},
  number={2},
  pages={521S--524S},
  year={1999},
  DOI={https://doi.org/10.1093/jn/129.2.521S}
}

@article{paez2010relative,
   author = {Paez, A. and Mercado, R. G. and Farber, S. and Morency, C. and Roorda, M.},
   title = {Relative Accessibility Deprivation Indicators for Urban Settings: Definitions and Application to Food Deserts in Montreal},
   journal = {Urban Studies},
   volume = {47},
   number = {7},
   pages = {1415-1438},
   ISSN = {0042-0980},
   DOI = {10.1177/0042098009353626},
   url = {<Go to ISI>://WOS:000277877900003},
   year = {2010},
   type = {Journal Article}
}

@article{paez2012measuring,
  title={Measuring accessibility: positive and normative implementations of various accessibility indicators},
  author={P{\'a}ez, Antonio and Scott, Darren M and Morency, Catherine},
  journal={Journal of Transport Geography},
  volume={25},
  pages={141--153},
  year={2012},
  DOI={https://doi.org/10.1016/j.jtrangeo.2012.03.016}
}

@article{paez2019demand,
   author = {Paez, Antonio and Higgins, Christopher D. and Vivona, Salvatore F.},
   title = {Demand and level of service inflation in Floating Catchment Area (FCA) methods},
   journal = {PloS one},
   volume = {14},
   number = {6},
   pages = {e0218773},
   ISSN = {1932-6203},
   DOI = {10.1371/journal.pone.0218773},
   url = {<Go to ISI>://MEDLINE:31246984},
   year = {2019},
   type = {Journal Article}
}



@article{pereira2021geographic,
   author = {Pereira, Rafael H. M. and Braga, Carlos Kauê Vieira and Servo, Luciana Mendes and Serra, Bernardo and Amaral, Pedro and Gouveia, Nelson and Paez, Antonio},
   title = {Geographic access to COVID-19 healthcare in Brazil using a balanced float catchment area approach},
   journal = {Social Science & Medicine},
   volume = {273},
   pages = {113773},
   ISSN = {0277-9536},
   DOI = {https://doi.org/10.1016/j.socscimed.2021.113773},
   url = {https://www.sciencedirect.com/science/article/pii/S0277953621001052},
   year = {2021},
   type = {Journal Article}
}

@article{ramsey2011food,
  title={Food insecurity among Australian children: potential determinants, health and developmental consequences},
  author={Ramsey, Rebecca and Giskes, Katrina and Turrell, Gavin and Gallegos, Danielle},
  journal={Journal of Child Health Care},
  volume={15},
  number={4},
  pages={401--416},
  year={2011},
  DOI={https://doi.org/10.1177%2F1367493511423854}
}

@article{riches2002food,
  title={Food banks and food security: welfare reform, human rights and social policy. Lessons from Canada?},
  author={Riches, Graham},
  journal={Social Policy \& Administration},
  volume={36},
  number={6},
  pages={648--663},
  year={2002},
  publisher={Wiley Online Library}
}

@article{seligman2010food,
  title={Food insecurity is associated with chronic disease among low-income NHANES participants},
  author={Seligman, Hilary K and Laraia, Barbara A and Kushel, Margot B},
  journal={The Journal of nutrition},
  volume={140},
  number={2},
  pages={304--310},
  year={2010},
  publisher={Oxford University Press}
}

@techreport{statisticscanada2020food,
  author      = {Statistics Canada,},
  title       = {Food insecurity during the COVID-19 pandemic},
  year        = {2020},
  number      = {Catalogue no. 45280001},
  url={https://www150.statcan.gc.ca/n1/pub/45-28-0001/2020001/article/00039-eng.htm}, 
  month       = {May},
  note        = {accessed: April 19, 2021},
}

@article{stuff2004household,
  title={Household food insecurity is associated with adult health status},
  author={Stuff, Janice E and Casey, Patrick H and Szeto, Kitty L and Gossett, Jeffrey M and Robbins, James M and Simpson, Pippa M and Connell, Carol and Bogle, Margaret L},
  journal={The Journal of nutrition},
  volume={134},
  number={9},
  pages={2330--2335},
  year={2004},
  DOI={Oxford University Press}
}

@article{tarasuk2014food,
   author = {Tarasuk, Valerie and Dachner, Naomi and Loopstra, Rachel},
   title = {Food banks, welfare, and food insecurity in Canada},
   journal = {British Food Journal},
   ISSN = {0007-070X},
   year = {2014},
   type = {Journal Article}
}



@article{tarasuk2020relationship,
  title={The relationship between food banks and food insecurity: insights from Canada},
  author={Tarasuk, Valerie and St-Germain, Andr{\'e}e-Anne Fafard and Loopstra, Rachel},
  journal={VOLUNTAS: International Journal of Voluntary and Nonprofit Organizations},
  volume={31},
  number={5},
  pages={841--852},
  year={2020},
  publisher={Springer}
}

@article{vanderlee2017food,
   author = {Vanderlee, Lana and L'Abbé, Mary},
   title = {Food for thought on food environments in Canada},
   journal = {Health promotion and chronic disease prevention in Canada : research, policy and practice},
   volume = {37},
   number = {9},
   pages = {263-265},
   ISSN = {2368-738X},
   DOI = {10.24095/hpcdp.37.9.01},
   url = {https://pubmed.ncbi.nlm.nih.gov/28902475
https://www.ncbi.nlm.nih.gov/pmc/articles/PMC5650035/},
   year = {2017},
   type = {Journal Article}
}

@article{wakefield2013sweet,
   author = {Wakefield, Sarah and Fleming, Julie and Klassen, Carla and Skinner, Ana},
   title = {Sweet Charity, revisited: Organizational responses to food insecurity in Hamilton and Toronto, Canada},
   journal = {Critical Social Policy},
   volume = {33},
   number = {3},
   pages = {427-450},
   ISSN = {0261-0183},
   year = {2013},
   type = {Journal Article}
}

@article{walker2010disparities,
  title={Disparities and access to healthy food in the United States: A review of food deserts literature},
  author={Walker, Renee E and Keane, Christopher R and Burke, Jessica G},
  journal={Health \& place},
  volume={16},
  number={5},
  pages={876-884},
  year={2010},
  type={Journal Article},
  DOI = {https://doi.org/10.1016/j.healthplace.2010.04.013}
}

@article{widener2018spatial,
  title={Spatial access to food: Retiring the food desert metaphor},
  author={Widener, Michael J},
  journal={Physiology \& behavior},
  volume={193},
  pages={257-260},
  year={2018},
  type={Journal Article},
  DOI={https://doi.org/10.1016/j.physbeh.2018.02.032}
}